@article{chung2021neural,
  title={Neural population geometry: An approach for understanding biological and artificial neural networks},
  author={Chung, SueYeon and Abbott, Larry F},
  journal={Current opinion in neurobiology},
  volume={70},
  pages={137--144},
  year={2021},
  publisher={Elsevier}
}

@article{demas2021high,
  title={High-speed, cortex-wide volumetric recording of neuroactivity at cellular resolution using light beads microscopy},
  author={Demas, Jeffrey and Manley, Jason and Tejera, Frank and Barber, Kevin and Kim, Hyewon and Traub, Francisca Mart{\'\i}nez and Chen, Brandon and Vaziri, Alipasha},
  journal={Nature Methods},
  volume={18},
  number={9},
  pages={1103--1111},
  year={2021},
  publisher={Nature Publishing Group US New York}
}

@article{Perich2024,
  title = {Neural manifolds: Latest buzzword or pathway to understand the brain?},
  ISSN = {2770-0976},
  url = {http://dx.doi.org/10.53053/CTCU7246},
  DOI = {10.53053/ctcu7246},
  journal = {The Transmitter},
  publisher = {Simons Foundation},
  author = {Perich,  Matthew},
  year = {2024}
}

@article{yuste2015neuron,
  title={From the neuron doctrine to neural networks},
  author={Yuste, Rafael},
  journal={Nature reviews neuroscience},
  volume={16},
  number={8},
  pages={487--497},
  year={2015},
  publisher={Nature Publishing Group UK London}
}

@article{saxena2019towards,
  title={Towards the neural population doctrine},
  author={Saxena, Shreya and Cunningham, John P},
  journal={Current opinion in neurobiology},
  volume={55},
  pages={103--111},
  year={2019},
  publisher={Elsevier}
}

@article{hubel1959receptive,
author = {Hubel, D. H. and Wiesel, T. N.},
title = {Receptive fields of single neurones in the cat's striate cortex},
journal = {The Journal of Physiology},
volume = {148},
number = {3},
pages = {574-591},
doi = {https://doi.org/10.1113/jphysiol.1959.sp006308},
url = {https://physoc.onlinelibrary.wiley.com/doi/abs/10.1113/jphysiol.1959.sp006308},
eprint = {https://physoc.onlinelibrary.wiley.com/doi/pdf/10.1113/jphysiol.1959.sp006308},
year = {1959}
}

@article{chaudhuri2019intrinsic,
  title={The intrinsic attractor manifold and population dynamics of a canonical cognitive circuit across waking and sleep},
  author={Chaudhuri, Rishidev and Ger{\c{c}}ek, Berk and Pandey, Biraj and Peyrache, Adrien and Fiete, Ila},
  journal={Nature neuroscience},
  volume={22},
  number={9},
  pages={1512--1520},
  year={2019},
  publisher={Nature Publishing Group US New York}
}

@article{beshkov2024topological,
  title={Topological structure of population activity in mouse visual cortex encodes densely sampled stimulus rotations},
  author={Beshkov, Kosio and Fyhn, Marianne and Hafting, Torkel and Einevoll, Gaute T},
  journal={Iscience},
  volume={27},
  number={4},
  year={2024},
  publisher={Elsevier}
}

@article{barber1996quickhull,
  title={The quickhull algorithm for convex hulls},
  author={Barber, C Bradford and Dobkin, David P and Huhdanpaa, Hannu},
  journal={ACM Transactions on Mathematical Software (TOMS)},
  volume={22},
  number={4},
  pages={469--483},
  year={1996},
  publisher={ACM New York, NY, USA}
}

@article{edelsbrunner1994three,
  title={Three-dimensional alpha shapes},
  author={Edelsbrunner, Herbert and M{\"u}cke, Ernst P},
  journal={ACM Transactions on Graphics (TOG)},
  volume={13},
  number={1},
  pages={43--72},
  year={1994},
  publisher={ACM New York, NY, USA}
}

@book{wasserman2006all,
  title={All of nonparametric statistics},
  author={Wasserman, Larry},
  year={2006},
  publisher={Springer Science \& Business Media}
}

@article{edelsbrunner2008persistent,
  title={Persistent homologyâ€”a survey},
  author={Edelsbrunner, Herbert and Harer, John},
  journal={Contemporary mathematics},
  volume={453},
  pages={257--282},
  year={2008}
}

@article{carlsson2009topology,
  title={Topology and data},
  author={Carlsson, Gunnar},
  journal={Bulletin of the American Mathematical Society},
  volume={46},
  number={2},
  pages={255--308},
  year={2009}
}

@article{gardner2022toroidal,
  title={Toroidal topology of population activity in grid cells},
  author={Gardner, Richard J and Hermansen, Erik and Pachitariu, Marius and Burak, Yoram and Baas, Nils A and Dunn, Benjamin A and Moser, May-Britt and Moser, Edvard I},
  journal={Nature},
  volume={602},
  number={7895},
  pages={123--128},
  year={2022},
  publisher={Nature Publishing Group UK London}
}

@article{cunningham2014dimensionality,
  title={Dimensionality reduction for large-scale neural recordings},
  author={Cunningham, John P and Yu, Byron M},
  journal={Nature neuroscience},
  volume={17},
  number={11},
  pages={1500--1509},
  year={2014},
  publisher={Nature Publishing Group US New York}
}

@article{gallego2017neural,
  title={Neural manifolds for the control of movement},
  author={Gallego, Juan A and Perich, Matthew G and Miller, Lee E and Solla, Sara A},
  journal={Neuron},
  volume={94},
  number={5},
  pages={978--984},
  year={2017},
  publisher={Elsevier}
}

@article{tenenbaum2000global,
  title={A global geometric framework for nonlinear dimensionality reduction},
  author={Tenenbaum, Joshua B and De Silva, Vin and Langford, John C},
  journal={Science},
  volume={290},
  number={5500},
  pages={2319--2323},
  year={2000},
  publisher={American Association for the Advancement of Science}
}

@article{roweis2000nonlinear,
  title={Nonlinear dimensionality reduction by locally linear embedding},
  author={Roweis, Sam T and Saul, Lawrence K},
  journal={Science},
  volume={290},
  number={5500},
  pages={2323--2326},
  year={2000},
  publisher={American Association for the Advancement of Science}
}

@article{vandermaaten2008visualizing,
  title={Visualizing data using t-SNE},
  author={Van der Maaten, Laurens and Hinton, Geoffrey},
  journal={Journal of machine learning research},
  volume={9},
  number={11},
  year={2008}
}

@article{kruskal1964multidimensional,
  title={Multidimensional scaling by optimizing goodness of fit to a nonmetric hypothesis},
  author={Kruskal, Joseph B},
  journal={Psychometrika},
  volume={29},
  number={1},
  pages={1--27},
  year={1964},
  publisher={Springer}
}

@article{moon2019visualizing,
  title={Visualizing structure and transitions in high-dimensional biological data},
  author={Moon, Kevin R and van Dijk, David and Wang, Zheng and Gigante, Scott and Burkhardt, Daniel B and Chen, William S and Yim, Kristina and Elzen, Antonia van den and Hirn, Matthew J and Coifman, Ronald R and others},
  journal={Nature biotechnology},
  volume={37},
  number={12},
  pages={1482--1492},
  year={2019},
  publisher={Nature Publishing Group US New York}
}

@article{mcinnes2018umap,
  title={UMAP: Uniform manifold approximation and projection for dimension reduction},
  author={McInnes, Leland and Healy, John and Melville, James},
  journal={arXiv preprint arXiv:1802.03426},
  year={2018}
}

@article{chaudhuri2018intrinsic,
  title={The intrinsic dimensionality of neural representations from population activity},
  author={Chaudhuri, Rishidev and Fiete, Ila},
  journal={Neuron},
  volume={97},
  number={5},
  pages={1006--1007},
  year={2018},
  publisher={Elsevier}
}

